

@misc{bojanczyk_recobook,
	author = {Boja\'nczyk, Miko{\l}aj},
	howpublished = {\url{https://www.mimuw.edu.pl/~bojan/papers/algebra-26-aug-2020.pdf}},
	title = {Languages recognised by finite semigroups, and their generalisations to objects such as trees and graphs, with an emphasis on definability in monadic second-order logic},
	year = {2020}}



@inproceedings{alurExpressivenessStreamingString2010,
	author = {Alur, Rajeev and {\v C}ern{\'y}, Pavol},
	booktitle = {{{Foundations}} of {{Software Technology}} and {{Theoretical Computer Science}}, {{FSTTCS}} 2010, {{Chennai}}, {{India}}},
	pages = {1--12},
	publisher = {{Schloss Dagstuhl - Leibniz-Zentrum fuer Informatik}},
	series = {{{LIPIcs}}},
	title = {Expressiveness of Streaming String Transducers},
	volume = {8},
	year = {2010}}


@inproceedings{NguyenNP21,
	author = {L{\^{e}} Th{\`{a}}nh Dung Nguy{\^{e}}n and Camille No{\^{u}}s and Pierre Pradic},
	booktitle = {48th International Colloquium on Automata, Languages, and Programming, {ICALP} 2021, July 12-16, 2021, Glasgow, Scotland (Virtual Conference)},
	pages = {139:1--139:20},
	title = {Comparison-Free Polyregular Functions},
	year = {2021}}


@inproceedings{douneautabot_et_al:LIPIcs:2020:12697,
	address = {Dagstuhl, Germany},
	author = {Ga{\"e}tan Dou{\'e}neau-Tabot and Emmanuel Filiot and Paul Gastin},
	booktitle = {45th International Symposium on Mathematical Foundations of Computer Science (MFCS 2020)},
	editor = {Javier Esparza and Daniel Kr{\'a}{\v l}},
	pages = {29:1--29:14},
	publisher = {Schloss Dagstuhl--Leibniz-Zentrum f{\"u}r Informatik},
	series = {Leibniz International Proceedings in Informatics (LIPIcs)},
	title = {{Register Transducers Are Marble Transducers}},
	volume = {170},
	year = {2020}}


@article{bojanczykPolyregularFunctions2018,
	author = {Boja\'nczyk, Miko{\l}aj},
	journal = {CoRR},
	title = {Polyregular {{Functions}}},
	volume = {abs/1810.08760},
	year = {2018}}


@article{shepherdson1959reduction,
	author = {J. C. {Shepherdson}},
	journal = {IBM Journal of Research and Development},
	month = {April},
	number = {2},
	pages = {198-200},
	title = {The Reduction of Two-Way Automata to One-Way Automata},
	volume = {3},
	year = {1959}}

@article{engelfrietMSODefinableString2001,
	author = {Engelfriet, Joost and Hoogeboom, Hendrik Jan},
	journal = {ACM Trans. Comput. Logic},
	number = {2},
	pages = {216--254},
	title = {{{MSO Definable String Transductions}} and {{Two}}-Way {{Finite}}-State {{Transducers}}},
	volume = {2},
	year = {2001}}

@inproceedings{milo2000typechecking,
	author = {Milo, Tova and Suciu, Dan and Vianu, Victor},
	booktitle = {Proceedings of the nineteenth ACM SIGMOD-SIGACT-SIGART symposium on Principles of database systems},
	pages = {11--22},
	title = {Typechecking for XML transformers},
	year = {2000}}


@inproceedings{engelfriet2002two,
	author = {Engelfriet, Joost and Maneth, Sebastian},
	booktitle = {International Symposium on Mathematical Foundations of Computer Science},
	organization = {Springer},
	pages = {234--244},
	title = {Two-way finite state transducers with nested pebbles},
	year = {2002}}
